% ============================================================================
% BIBLIOGRAPHY
% ============================================================================
% This file contains example BibTeX entries for different reference types.
% Replace these with your actual references.

% Book
@book{example2024,
  author    = {Smith, John and Doe, Jane},
  title     = {Introduction to the Subject Matter},
  year      = {2024},
  edition   = {3},
  publisher = {Academic Press},
  address   = {New York}
}

% Journal Article
@article{smith2023,
  author  = {Smith, Alice B. and Johnson, Robert C.},
  title   = {Recent Advances in the Field: A Comprehensive Review},
  journal = {Journal of Advanced Studies},
  year    = {2023},
  volume  = {42},
  number  = {3},
  pages   = {123--145},
  doi     = {10.1234/jas.2023.12345}
}

% Conference Paper
@inproceedings{jones2022,
  author    = {Jones, Michael and Brown, Sarah},
  title     = {Novel Approaches to Problem Solving},
  booktitle = {Proceedings of the International Conference on Research},
  year      = {2022},
  pages     = {567--578},
  address   = {London, UK},
  publisher = {IEEE},
  doi       = {10.1109/ICR.2022.98765}
}

% Technical Report
@techreport{wilson2023,
  author      = {Wilson, David},
  title       = {Technical Analysis and Implementation Details},
  institution = {Research Institute},
  year        = {2023},
  number      = {TR-2023-01},
  address     = {Cambridge, MA}
}

% PhD Thesis
@phdthesis{garcia2021,
  author  = {Garcia, Maria},
  title   = {Advanced Methods in Computational Analysis},
  school  = {University of Technology},
  year    = {2021},
  address = {Boston, MA}
}

% Website / Online Resource
@online{webresource2024,
  author       = {{Organization Name}},
  title        = {Online Resource Title},
  year         = {2024},
  url          = {https://example.com/resource},
  note         = {Accessed: 2024-01-15}
}

% Book Chapter
@incollection{anderson2023,
  author    = {Anderson, Patricia},
  title     = {Theoretical Foundations},
  booktitle = {Handbook of Advanced Topics},
  editor    = {Taylor, James and White, Emma},
  year      = {2023},
  pages     = {45--78},
  publisher = {Springer},
  address   = {Berlin}
}

% Article in Press
@article{chen2024,
  author  = {Chen, Wei and Liu, Yang},
  title   = {Emerging Trends and Future Directions},
  journal = {Future Computing},
  year    = {2024},
  note    = {In press},
  doi     = {10.1016/j.future.2024.02.001}
}
